<?xml version="1.0" encoding="UTF-8"?><record xmlns="http://www.loc.gov/MARC21/slim" xmlns:cinclude="http://apache.org/cocoon/include/1.0" xmlns:zs="http://www.loc.gov/zing/srw/">
  <leader>00408cz  a2200121n  4500</leader>
  <controlfield tag="001">n  91080588 </controlfield>
  <controlfield tag="003">DLC</controlfield>
  <controlfield tag="005">19910819095058.1</controlfield>
  <controlfield tag="008">910812n| acannaab|          |n aaa |||  </controlfield>
  <datafield tag="010" ind1=" " ind2=" ">
    <subfield code="a">n  91080588 </subfield>
  </datafield>
  <datafield tag="040" ind1=" " ind2=" ">
    <subfield code="a">DLC</subfield>
    <subfield code="c">DLC</subfield>
    <subfield code="d">DLC</subfield>
  </datafield>
  <datafield tag="100" ind1="1" ind2="0">
    <subfield code="a">Mattiussi, Donatella</subfield>
  </datafield>
  <datafield tag="670" ind1=" " ind2=" ">
    <subfield code="a">Ballardini, R. Il restauro architettonico nella ricostruzione del Friuli, c1990:</subfield>
    <subfield code="b">t.p. (Donatella Mattiussi) front flap (architetto, Gemona (Ud.))</subfield>
  </datafield>
</record>